<record><leader>00000cas a22000007a 4500</leader><controlfield tag="001">9518506</controlfield><controlfield tag="008">830517d19141918pausr ne      0    0eng d</controlfield><datafield ind1=" " ind2=" " tag="010"><subfield code="a">sn 83045495 </subfield></datafield><datafield ind1=" " ind2=" " tag="040"><subfield code="a">CRL</subfield><subfield code="b">eng</subfield><subfield code="c">CRL</subfield><subfield code="d">NPW</subfield><subfield code="d">NPH</subfield><subfield code="d">OCLCQ</subfield><subfield code="d">UKMGB</subfield></datafield><datafield ind1="7" ind2=" " tag="016"><subfield code="a">013942572</subfield><subfield code="2">Uk</subfield></datafield><datafield ind1=" " ind2=" " tag="042"><subfield code="a">msc</subfield></datafield><datafield ind1="0" ind2="4" tag="245"><subfield code="a">The Welsh-American.</subfield></datafield><datafield ind1=" " ind2=" " tag="260"><subfield code="a">Pittsburgh, Pa. :</subfield><subfield code="b">Druid Pub. Co.,</subfield><subfield code="c">1914-1918.</subfield></datafield><datafield ind1=" " ind2=" " tag="300"><subfield code="a">v. :</subfield><subfield code="b">ill.</subfield></datafield><datafield ind1=" " ind2=" " tag="310"><subfield code="a">Semimonthly</subfield></datafield><datafield ind1="0" ind2=" " tag="362"><subfield code="a">Vol. 8, no. 8 (Apr. 15, 1914)-v. 11, no. 31 (June 15, 1918).</subfield></datafield><datafield ind1=" " ind2=" " tag="500"><subfield code="a">Issued on the 1st and the 15th of every month.</subfield></datafield><datafield ind1=" " ind2=" " tag="752"><subfield code="a">United States</subfield><subfield code="b">Pennsylvania</subfield><subfield code="c">Allegheny</subfield><subfield code="d">Pittsburgh.</subfield></datafield><datafield ind1="0" ind2="0" tag="780"><subfield code="t">Druid (Scranton, Pa.)</subfield><subfield code="w">(DLC)sn 87078335</subfield><subfield code="w">(OCoLC)15985516</subfield></datafield><datafield ind1="0" ind2="0" tag="785"><subfield code="t">Druid (Pittsburgh, Pa.)</subfield><subfield code="w">(DLC)sn 83045494</subfield></datafield></record>